@article{weiser1991,
    author = {Weiser, Mark},
    citeulike-article-id = {7679158},
    citeulike-linkout-0 = {http://dx.doi.org/10.1038/scientificamerican0991-94},
    doi = {10.1038/scientificamerican0991-94},
    issn = {0036-8733},
    journal = {Scientific American},
    keywords = {future, ubicomp},
    month = sep,
    number = {3},
    pages = {94--104},
    posted-at = {2010-08-19 14:41:44},
    priority = {2},
    title = {{The Computer for the 21st Century}},
    url = {http://dx.doi.org/10.1038/scientificamerican0991-94},
    volume = {265},
    year = {1991}
}

@article{Krikke2005,
 author = {Krikke, Jan},
 title = {T-Engine: Japan's Ubiquitous Computing Architecture Is Ready for Prime Time},
 journal = {IEEE Pervasive Computing},
 volume = {4},
 issue = {2},
 month = {April},
 year = {2005},
 issn = {1536-1268},
 pages = {4--9},
 numpages = {6},
 url = {http://dl.acm.org/citation.cfm?id=1070601.1070620},
 doi = {10.1109/MPRV.2005.40},
 acmid = {1070620},
 publisher = {IEEE Educational Activities Department},
 address = {Piscataway, NJ, USA},
 keywords = {ubiquitous computing, real-time operating system, RFID tags},
}

@inproceedings{Yamin2005,
 author = {Yamin, Adenauer and Augustin, Iara and da Silva, Luciano Cavalheiro and Real, Rodrigo Araujo and Filho, Alberto E. Schaeffer and Geyer, Claudio F. Resin},
 title = {EXEHDA: adaptive middleware for building a pervasive grid environment},
 booktitle = {Proceeding of the 2005 conference on Self-Organization and Autonomic Informatics (I)},
 year = {2005},
 isbn = {1-58603-577-0},
 pages = {203--219},
 numpages = {17},
 url = {http://dl.acm.org/citation.cfm?id=1563536.1563558},
 acmid = {1563558},
 publisher = {IOS Press},
 address = {Amsterdam, The Netherlands, The Netherlands},
 keywords = {Adaptive Middleware, Context-Aware Adaptation, Large-Scale Mobility, Pervasive Grid Environment},
}

@MastersThesis{Yamin04,
   	author =       	"Adenauer Corrêa Yamin",
   	title =        	"Arquitetura para um Ambiente de Grade Computacional Direcionada às Aplicações Distribuídas, Móveis e Conscientes de Contexto da Computação Pervasiva",
   	school =       	"Instituto de Informática-UFRGS",
   	year =         	"2004",
   	type =         	"Tese de Doutorado em Ciência da Computação",
   	address =      	"Porto Alegre-RS",
}

@MISC{Schilit94,
    author = {Bill N. Schilit and Marvin M. Theimer},
    title = {Disseminating Active Map Information to Mobile Hosts},
    year = {1994}
}

@article{bolsoni2009,
author = {Bolsoni, E. P.; Cardoso, C.; Souza,C. H. M. },
title = {Computação ubíqua, cloud computing e PLC para continuidade comunicacional diante de desastres},
journal = {Anais eletrônicos V Seminário Internacional de Defesa Civil - DEFENCIL},
year = {2009},
}

@article{araujo2003,
author = {Araujo, R. B. },
title = {Computação Ubíqua: princípios, tecnologias e desafios},
journal = {XXI Simpósio Brasileiro de Redes de Computadores},
pages = {45--115},
year = {2003},
}

@article{Foster2001,
 author = {Foster, Ian and Kesselman, Carl and Tuecke, Steven},
 title = {The Anatomy of the Grid: Enabling Scalable Virtual Organizations},
 journal = {Int. J. High Perform. Comput. Appl.},
 volume = {15},
 issue = {3},
 month = {August},
 year = {2001},
 issn = {1094-3420},
 pages = {200--222},
 numpages = {23},
 url = {http://dl.acm.org/citation.cfm?id=1080644.1080667},
 doi = {10.1177/109434200101500302},
 acmid = {1080667},
 publisher = {Sage Publications, Inc.},
 address = {Thousand Oaks, CA, USA},
}

@book{Foster1999,
 editor = {Foster, Ian and Kesselman, Carl},
 title = {The grid: blueprint for a new computing infrastructure},
 year = {1999},
 isbn = {1-55860-475-8},
 publisher = {Morgan Kaufmann Publishers Inc.},
 address = {San Francisco, CA, USA},
}

@book{foster2003,
 author = {Foster, Ian and Kesselman, Carl},
 title = {The Grid 2: Blueprint for a New Computing Infrastructure},
 year = {2003},
 isbn = {1558609334},
 publisher = {Morgan Kaufmann Publishers Inc.},
 address = {San Francisco, CA, USA},
}

@article{foster2002,
 author = {Foster, Ian and Kesselman, Carl and Nick, Jeffrey M. and Tuecke, Steven},
 title = {Grid Services for Distributed System Integration},
 journal = {Computer},
 volume = {35},
 issue = {6},
 month = {June},
 year = {2002},
 issn = {0018-9162},
 pages = {37--46},
 numpages = {10},
 url = {http://dx.doi.org/10.1109/MC.2002.1009167},
 doi = {http://dx.doi.org/10.1109/MC.2002.1009167},
 acmid = {621997},
 publisher = {IEEE Computer Society Press},
 address = {Los Alamitos, CA, USA},
}

@INPROCEEDINGS{asad2005,
    author = {Parvin Asadzadeh and Rajkumar Buyya and Chun Ling Kei and Deepa Nayar and Srikumar Venugopal},
    title = {Global Grids and Software Toolkits: A Study of Four Grid Middleware Technologies},
    booktitle = { HIGH PERFORMANCE COMPUTING: PARADIGM AND INFRASTRUCTURE, LAURENCE YANG AND MINYI GUO (EDS), ISBN: 0-471-65471-X},
    year = {2005},
    publisher = {Wiley Press}
}

@MastersThesis{aleteia2008,
   author =       "Aletéia Patrícia Favacho Araújo",
   title =        "Paralelização Autonômica de Metaheurísticas
em Ambientes de Grid",
   school =       "Pontifícia Universidade Católica do
Rio de Janeiro/PUC-Rio",
   year =         "2008",
   type =         "Tese de Doutorado em Ciência da Computação",
   address =      "Rio de Janeiro$,$RJ",
}

@article{baker2002,
 author = {Baker, Mark and Buyya, Rajkumar and Laforenza, Domenico},
 title = {Grids and grid technologies for wide-area distributed computing},
 journal = {Softw. Pract. Exper.},
 volume = {32},
 issue = {15},
 month = {December},
 year = {2002},
 issn = {0038-0644},
 pages = {1437--1466},
 numpages = {30},
 url = {http://dl.acm.org/citation.cfm?id=772555.772557},
 doi = {10.1002/spe.488},
 acmid = {772557},
 publisher = {John Wiley \& Sons, Inc.},
 address = {New York, NY, USA},
 keywords = {distributed applications, grid computing, middleware, resource management, scheduling},
}

@article{krauter2002,
 title = {A taxonomy and survey of grid resource management systems for distributed computing},
 journal = {Softw. Pract. Exper.},
 volume = {32},
 author = {Klaus Krauter and Rajkumar Buyya and Muthucumaru Maheswaran},
 year = {2002},
 issn = {0038-0644},
 pages = {135--164},
}

@book{camargo06,
 author = {de Camargo, R. Y., Goldchleger, A., Carneiro, M.
R. F., and Kon, F.},
 title = {Pattern Languages of Program Design 5
(PLoPd5), chapter The Grid Architectural Pattern: Leveraging Distributed Processing Capabilities.},
 year = {2006},
 publisher = {Pages 337 - 356. Addison-Wesley.},
}

@ARTICLE{Buyya02,
    author = {Rajkumar Buyya and Manzur Murshed},
    title = {GridSim: A Toolkit for the Modeling and Simulation of Distributed Resource Management and Scheduling for Grid Computing},
    journal = {CONCURRENCY AND COMPUTATION: PRACTICE AND EXPERIENCE (CCPE},
    year = {2002},
    volume = {14},
    number = {13},
    pages = {1175--1220}
}

@inproceedings{Take99,
 author = {Takefusa, Atsuko and Matsuoka, Satoshi and Aida, Kento and Nakada, Hidemoto and Nagashima, Umpei},
 title = {Overview of a Performance Evaluation System for Global Computing Scheduling Algorithms},
 booktitle = {Proceedings of the 8th IEEE International Symposium on High Performance Distributed Computing},
 series = {HPDC '99},
 year = {1999},
 isbn = {0-7695-0287-3},
 pages = {11--},
 url = {http://dl.acm.org/citation.cfm?id=822084.823240},
 acmid = {823240},
 publisher = {IEEE Computer Society},
 address = {Washington, DC, USA},
}

@inproceedings{Dumi05,
 author = {Dumitrescu, C. L. and Foster, I.},
 title = {GangSim: a simulator for grid scheduling studies},
 booktitle = {Proceedings of the Fifth IEEE International Symposium on Cluster Computing and the Grid (CCGrid'05) - Volume 2 - Volume 02},
 series = {CCGRID '05},
 year = {2005},
 isbn = {0-7803-9074-1},
 pages = {1151--1158},
 numpages = {8},
 url = {http://dl.acm.org/citation.cfm?id=1169223.1169632},
 acmid = {1169632},
 publisher = {IEEE Computer Society},
 address = {Washington, DC, USA},
}

@ARTICLE{Bell03,
    author = {William H. Bell and David G. Cameron and Luigi Capozza and A. Paul Millar and Kurt Stockinger and Floriano Zini},
    title = {OptorSim - A Grid Simulator for Studying Dynamic Data Replication Strategies},
    journal = {International Journal of High Performance Computing Applications},
    year = {2003},
    pages = {2003}
}

@inproceedings{Casanova01,
 author = {Casanova, Henri},
 title = {Simgrid: A Toolkit for the Simulation of Application Scheduling},
 booktitle = {Proceedings of the 1st International Symposium on Cluster Computing and the Grid},
 series = {CCGRID '01},
 year = {2001},
 isbn = {0-7695-1010-8},
 pages = {430--},
 url = {http://dl.acm.org/citation.cfm?id=560889.792328},
 acmid = {792328},
 publisher = {IEEE Computer Society},
 address = {Washington, DC, USA},
}

